<?xml version="1.0"?>
<collection xmlns="http://www.loc.gov/MARC21/slim">
  <record>
    <leader>01570nam a2200409 a 4500</leader>
    <controlfield tag="001">cihm_29009</controlfield>
    <controlfield tag="003">CaSfIA</controlfield>
    <controlfield tag="005">20160212080708.0</controlfield>
    <controlfield tag="007">cr||||||||||||</controlfield>
    <controlfield tag="008">831201s1895    mdu     bb    001 0 eng d</controlfield>
    <datafield tag="020" ind1=" " ind2=" ">
      <subfield code="a">0665290098</subfield>
    </datafield>
    <datafield tag="035" ind1=" " ind2=" ">
      <subfield code="a">ocn317761822</subfield>
    </datafield>
    <datafield tag="040" ind1=" " ind2=" ">
      <subfield code="a">CaOOCIHM</subfield>
      <subfield code="b">eng</subfield>
      <subfield code="d">AEU</subfield>
      <subfield code="d">CaSfIA</subfield>
    </datafield>
    <datafield tag="043" ind1=" " ind2=" ">
      <subfield code="a">ev-----</subfield>
    </datafield>
    <datafield tag="082" ind1="0" ind2=" ">
      <subfield code="a">344.0541</subfield>
      <subfield code="2">19</subfield>
    </datafield>
    <datafield tag="090" ind1=" " ind2=" ">
      <subfield code="a">FC 02 0203 no. 29009</subfield>
      <subfield code="b">AEU</subfield>
    </datafield>
    <datafield tag="100" ind1="1" ind2=" ">
      <subfield code="a">Gould, E. R. L.</subfield>
      <subfield code="q">(Elgin Ralston Lovell),</subfield>
      <subfield code="d">1860-1915</subfield>
    </datafield>
    <datafield tag="245" ind1="1" ind2="0">
      <subfield code="a">Popular control of the liquor traffic</subfield>
      <subfield code="h">[electronic resource] </subfield>
      <subfield code="c">by E.R.L. Gould.</subfield>
    </datafield>
    <datafield tag="260" ind1=" " ind2=" ">
      <subfield code="a">Baltimore :</subfield>
      <subfield code="b">Friedenwald Co.,</subfield>
      <subfield code="c">1895.</subfield>
    </datafield>
    <datafield tag="300" ind1=" " ind2=" ">
      <subfield code="a">2 microfiches (57 fr.).</subfield>
    </datafield>
    <datafield tag="490" ind1="1" ind2=" ">
      <subfield code="a">CIHM/ICMH Microfiche series = CIHM/ICMH collection de microfiches ;</subfield>
      <subfield code="v">no. 29009</subfield>
    </datafield>
    <datafield tag="500" ind1=" " ind2=" ">
      <subfield code="a">Report on the methods of controlling the liquor traffic adopted by Sweden and Norway.</subfield>
    </datafield>
    <datafield tag="500" ind1=" " ind2=" ">
      <subfield code="a">Tables.</subfield>
    </datafield>
    <datafield tag="504" ind1=" " ind2=" ">
      <subfield code="a">Includes bibliographical references.</subfield>
    </datafield>
    <datafield tag="504" ind1=" " ind2=" ">
      <subfield code="a">Includes index.</subfield>
    </datafield>
    <datafield tag="533" ind1=" " ind2=" ">
      <subfield code="a">Filmed from a copy of the original publication held by the National Library of Canada.</subfield>
      <subfield code="b">Ottawa :</subfield>
      <subfield code="c">Canadian Institute for Historical Microreproductions,</subfield>
      <subfield code="d">1982.</subfield>
    </datafield>
    <datafield tag="534" ind1=" " ind2=" ">
      <subfield code="e">102 p. ; 19 cm.</subfield>
    </datafield>
    <datafield tag="596" ind1=" " ind2=" ">
      <subfield code="a">43</subfield>
    </datafield>
    <datafield tag="650" ind1=" " ind2="0">
      <subfield code="a">Gothenburg system.</subfield>
    </datafield>
    <datafield tag="650" ind1=" " ind2="0">
      <subfield code="a">Liquor laws</subfield>
      <subfield code="z">Scandinavia.</subfield>
    </datafield>
    <datafield tag="650" ind1=" " ind2="0">
      <subfield code="a">Liquor problem</subfield>
      <subfield code="z">Scandinavia.</subfield>
    </datafield>
    <datafield tag="650" ind1=" " ind2="6">
      <subfield code="a">Goteborg, Syst&#xC3;&#xA8;me d</subfield>
    </datafield>
    <!-- No separator at end of field length=27 -->
    <!-- Bad indicator data. Skipping 2 bytes -->
    <datafield tag="650" ind1=" " ind2="6">
      <subfield code="a">Alcool</subfield>
      <subfield code="x">L&#xC3;&#xA9;gislation</subfield>
      <subfield code="z">Scandinavi</subfield>
    </datafield>
    <!-- No separator at end of field length=39 -->
    <datafield tag="650" ind1="i" ind2="e">
  </datafield>
    <!-- Separator but not at end of field length=41 -->
    <datafield tag="830" ind1="i" ind2="e">
  </datafield>
    <!-- Separator but not at end of field length=45 -->
    <datafield tag="856" ind1="4" ind2="1">
      <subfield code="u">http://archive.org/details/cihm_29009</subfield>
      <subfield code="z">Free eBook from the Internet Archive</subfield>
    </datafield>
    <!-- Separator but not at end of field length=22 -->
    <datafield tag="016" ind1="P" ind2="R">
  </datafield>
    <!-- Separator but not at end of field length=15 -->
    <!-- Separator but not at end of field length=58 -->
  </record>
</collection>
